@book{barrett,
title = {Radiological imaging : the theory of image formation, detection, and processing},
author = {Barrett, Harrison H. and Swindell, William},
address = {New York},
publisher = {Academic Press},
year = {1981},
pages = {693},
note = {\url{https://doi.org/10.1016/c2009-0-02376-9}},
}

@misc{stack,
howpublished = "\url{https://chemistry.stackexchange.com/a/59925}",
year=2016,
note = "[Online; accessed 11-April-2018]"
}


